<?xml version="1.0" encoding="UTF-8"?><collection xmlns="http://www.loc.gov/MARC21/slim"><record><leader>00496nam--2200193-i-4500</leader><controlfield tag="001">000026606</controlfield><controlfield tag="002">20161230</controlfield><controlfield tag="005">20161230201036</controlfield><controlfield tag="008">060222s1000------------r-----000-0-rum-d</controlfield><datafield ind1=" " ind2=" " tag="040"><subfield code="a">IFIN-HH</subfield></datafield><datafield ind1=" " ind2=" " tag="041"><subfield code="a">rum</subfield></datafield><datafield ind1=" " ind2=" " tag="080"><subfield code="a">539.32</subfield></datafield><datafield ind1="1" ind2=" " tag="100"><subfield code="a">Kecs, Wilhellm</subfield></datafield><datafield ind1="1" ind2="0" tag="245"><subfield code="a">Elasticitate si viscozitate</subfield><subfield code="c">Wilhelm kecs</subfield></datafield><datafield ind1=" " ind2=" " tag="260"><subfield code="a">Bucuresti</subfield><subfield code="b">Editura Tehnica</subfield><subfield code="c">1986</subfield></datafield><datafield ind1=" " ind2=" " tag="300"><subfield code="a">488P</subfield></datafield><datafield ind1=" " ind2=" " tag="490"><subfield code="a">Ciclul Mecanica Teoretica Si Aplicata</subfield></datafield><datafield ind1=" " ind2=" " tag="852"><subfield code="a">73195</subfield><subfield code="c">539.3</subfield></datafield><datafield ind1=" " ind2=" " tag="CAT"><subfield code="a">Sys</subfield><subfield code="c">20130122</subfield><subfield code="h">151102</subfield></datafield></record></collection>